<record><leader>00000cas a22000007a 4500</leader><controlfield tag="001">10116129</controlfield><controlfield tag="008">831110d18631907pauwr ne      0    0eng d</controlfield><datafield ind1=" " ind2=" " tag="010"><subfield code="a">sn 83025955 </subfield></datafield><datafield ind1=" " ind2=" " tag="040"><subfield code="a">NPV</subfield><subfield code="b">eng</subfield><subfield code="c">NPV</subfield><subfield code="d">NPU</subfield><subfield code="d">NPX</subfield><subfield code="d">NPH</subfield><subfield code="d">TGN</subfield><subfield code="d">AQM</subfield><subfield code="d">OCLCQ</subfield><subfield code="d">OCLCF</subfield><subfield code="d">OCLCO</subfield></datafield><datafield ind1=" " ind2=" " tag="019"><subfield code="a">192044236</subfield></datafield><datafield ind1="1" ind2=" " tag="029"><subfield code="a">AU@</subfield><subfield code="b">000025818268</subfield></datafield><datafield ind1=" " ind2=" " tag="042"><subfield code="a">msc</subfield></datafield><datafield ind1=" " ind2=" " tag="043"><subfield code="a">n-us-pa</subfield></datafield><datafield ind1=" " ind2=" " tag="045"><subfield code="a">w6x0</subfield></datafield><datafield ind1=" " ind2=" " tag="052"><subfield code="a">3823</subfield><subfield code="b">C5</subfield></datafield><datafield ind1="0" ind2="4" tag="245"><subfield code="a">The Chester Valley union.</subfield></datafield><datafield ind1="1" ind2="3" tag="246"><subfield code="a">Union</subfield></datafield><datafield ind1=" " ind2=" " tag="260"><subfield code="a">Coatesville, Pa. :</subfield><subfield code="b">Wm. J. Kauffman &amp; Co.,</subfield><subfield code="c">1863-</subfield></datafield><datafield ind1=" " ind2=" " tag="300"><subfield code="a">v. ;</subfield><subfield code="c">53-80 cm.</subfield></datafield><datafield ind1=" " ind2=" " tag="310"><subfield code="a">Semiweekly,</subfield><subfield code="b">&lt;1899-</subfield></datafield><datafield ind1=" " ind2=" " tag="321"><subfield code="a">Weekly</subfield></datafield><datafield ind1="0" ind2=" " tag="362"><subfield code="a">Vol. 1, no. 1 (June 6, 1863)-</subfield></datafield><datafield ind1="1" ind2=" " tag="362"><subfield code="a">Ceased in 1907?</subfield><subfield code="z">Cf. Rossell, G.E. Pa. newspapers.</subfield></datafield><datafield ind1=" " ind2=" " tag="500"><subfield code="a">Publishers: William J. Kauffman &amp; John P. Brooke, &lt;1866&gt;; William J. Kauffman, &lt;1868-1876&gt;.</subfield></datafield><datafield ind1=" " ind2=" " tag="500"><subfield code="a">"Republican," &lt;1868-1876&gt;.</subfield></datafield><datafield ind1=" " ind2=" " tag="500"><subfield code="a">Editors: William J. Kauffman, &lt;1868-1876&gt;; Frank P. Hart, &lt;1871&gt;.</subfield></datafield><datafield ind1=" " ind2=" " tag="580"><subfield code="a">Merged with: Chester County times (Parkesburg, Pa.), to form: Chester Valley union and Chester County times. Cf. Gregory, W. Amer. newspapers.</subfield></datafield><datafield ind1=" " ind2=" " tag="580"><subfield code="a">Daily ed. : Daily union.</subfield></datafield><datafield ind1=" " ind2="0" tag="651"><subfield code="a">Coatesville (Pa.)</subfield><subfield code="v">Newspapers.</subfield></datafield><datafield ind1=" " ind2="0" tag="651"><subfield code="a">Chester County (Pa.)</subfield><subfield code="v">Newspapers.</subfield></datafield><datafield ind1=" " ind2="7" tag="655"><subfield code="a">Newspapers.</subfield><subfield code="2">rbgenr</subfield></datafield><datafield ind1=" " ind2="7" tag="655"><subfield code="a">Newspapers.</subfield><subfield code="2">fast</subfield><subfield code="0">(OCoLC)fst01423814</subfield></datafield><datafield ind1=" " ind2="7" tag="651"><subfield code="a">Pennsylvania</subfield><subfield code="z">Chester County.</subfield><subfield code="2">fast</subfield><subfield code="0">(OCoLC)fst01206006</subfield></datafield><datafield ind1=" " ind2="7" tag="651"><subfield code="a">Pennsylvania</subfield><subfield code="z">Coatesville.</subfield><subfield code="2">fast</subfield><subfield code="0">(OCoLC)fst01220528</subfield></datafield><datafield ind1="1" ind2=" " tag="700"><subfield code="a">Kauffman, William J.</subfield></datafield><datafield ind1=" " ind2=" " tag="752"><subfield code="a">United States</subfield><subfield code="b">Pennsylvania</subfield><subfield code="c">Chester</subfield><subfield code="d">Coatesville.</subfield></datafield><datafield ind1="1" ind2=" " tag="775"><subfield code="t">Daily union (Coatesville, Pa.)</subfield></datafield><datafield ind1="1" ind2="7" tag="785"><subfield code="t">Chester County times (Parkesburg, Pa.)</subfield><subfield code="w">(DLC)sn 86053816</subfield></datafield><datafield ind1="1" ind2="7" tag="785"><subfield code="t">Chester Valley union and Chester County times</subfield><subfield code="w">(OCoLC)20986440</subfield></datafield></record>